1920 3570
381 433 630 483 PRAEFATIO.
876 449 906 484 ιιι

106 559 186 598 casse
207 541 278 596 satis
296 538 402 596 habeo:
430 537 539 611 l‚192.
562 538 612 594 ubi
634 529 691 593 οὔδ’
708 531 863 603 demutavi
876 539 907 595 in

105 621 131 679 οἱ
148 615 224 696 δ’ἅν,
245 631 274 678 et
290 620 342 696 111,
357 623 405 679 79.
422 623 473 680 ubi
490 630 556 699 post
572 614 624 676 ἄλλ’
641 622 751 680 inserui
764 615 789 691 ἢ.
831 620 907 680 Nam

103 705 180 781 qnod
191 724 208 761 e
218 707 365 764 codicibus
375 707 545 780 quibusdam
557 707 588 760 in
601 705 752 782 pleresque
765 706 906 763 editiones

102 787 232 859 transiit,
245 785 276 842 id
289 789 360 862 quin
371 787 522 860 interpreti
538 789 689 862 debeatur,
703 789 830 845 dubitari
847 805 906 846 non

103 871 208 946 potest)
237 867 351 926 Deinde
365 871 480 946 singulo
493 868 634 931 vocabula
646 882 780 948 totosque
792 889 906 943 versus,

104 955 155 1029 qui
169 955 260 1027 spurii
271 953 459 1025 ridebantur,
473 952 557 1010 uncis
572 951 693 1024 inclusi,
708 958 820 1027 saepius
834 955 907 1010 olio·

103 1054 168 1092 rum
182 1038 331 1112 exemplo,
343 1037 387 1094 bis
399 1045 481 1095 terve
493 1056 557 1094 meo
570 1036 687 1093 iudicio.
730 1034 807 1092 Sunt
820 1039 908 1093 etism

102 1120 177 1190 loci,
195 1121 227 1175 in
249 1120 352 1196 quibus
373 1139 429 1178 nec
443 1121 574 1179 codicum
587 1122 730 1195 scripturo
742 1137 812 1176 sana
824 1121 863 1176 sit
877 1128 907 1175 et
921 1150 923 1156 s

102 1204 332 1277 incorruptonec
340 1205 503 1280 probabiles
514 1205 665 1261 doctorum
676 1202 825 1260 hominum
837 1219 906 1258 con-

103 1286 243 1345 iecturae:
272 1289 304 1343 in
326 1287 373 1345 his
397 1308 487 1366 quum
504 1306 559 1344 nec
578 1288 767 1343 melioranec
782 1286 907 1341 certiora

102 1367 234 1442 proferre
265 1389 394 1446 possem,
425 1374 574 1450 vulgatam
599 1371 754 1426 lectionem
779 1371 906 1425 retinere

103 1453 195 1508 satius
223 1453 303 1510 duxi.
935 1495 938 1498 ι

145 1533 261 1610 Magnis
280 1537 495 1595 difficultatibus
512 1539 649 1613 impedita
672 1547 715 1592 cst
728 1534 857 1613 quaestio
871 1533 906 1589 de

104 1616 227 1672 dialecto
254 1615 413 1692 Herodoti,
448 1619 525 1676 unde
550 1637 610 1675 non
636 1635 705 1674 sone
732 1624 776 1672 est
802 1617 908 1671 mirum

102 1700 194 1755 multe
207 1701 239 1754 in
253 1719 288 1756 eo
301 1703 414 1755 incerto
427 1717 490 1756 csse
504 1711 590 1769 atque
603 1700 697 1758 dubia.
728 1697 838 1765 Quodsi
852 1715 908 1772 qna

104 1778 257 1855 diligentia
274 1775 411 1834 Struvius
425 1775 460 1831 de
472 1776 642 1850 pronomine
655 1776 796 1849 relativo,
809 1777 844 1833 de
858 1778 907 1833 de-

104 1863 260 1919 clinatione
273 1860 423 1916 nominum
441 1859 473 1915 in
492 1856 536 1929 {v}
553 1859 736 1932 exeuntium,
758 1860 792 1916 de
807 1859 905 1918 ortho-

101 1943 223 2023 graphia
241 1944 376 2002 vocabuli
393 1945 494 2017 θωυμα
508 1951 538 1999 et
552 1943 748 2015 derivatorum
762 1946 905 2017 exposuit,

103 2028 201 2085 eedem
221 2028 255 2084 de
269 2029 374 2084 ceteris
387 2027 529 2083 orationis
541 2026 670 2101 portibus
684 2029 846 2106 quaesitum
861 2046 905 2084 es·

102 2121 162 2182 set,
190 2111 260 2166 satis
286 2117 396 2165 certum
420 2107 496 2163 foret
523 2108 557 2164 de
582 2112 726 2184 plerisque
752 2111 904 2166 iudicium:

101 2212 180 2251 nunc
203 2194 326 2269 singulis
348 2192 506 2269 quibusque
519 2192 591 2248 locis
607 2191 738 2248 codicum
751 2193 905 2249 lectionem

102 2277 193 2332 malui
217 2278 359 2347 retinere,
386 2293 472 2351 quam
496 2291 585 2331 unam
609 2274 763 2332 obtrudere
784 2276 907 2346 sormam

104 2360 255 2436 scriptori,
276 2359 326 2436 qui
339 2357 408 2416 duos
422 2376 560 2433 usurpare
573 2375 632 2415 non
647 2358 836 2432 dubitaverit,
856 2367 907 2415 aut

104 2461 168 2500 cem
199 2442 323 2515 inferre,
353 2461 410 2518 qua
436 2442 559 2499 fortusse
584 2460 731 2518 nunquam
758 2451 802 2498 est
827 2460 904 2498 usus.

103 2524 188 2583 Eieci
207 2533 304 2582 tamen
324 2543 373 2582 cas
394 2525 517 2598 formos,
541 2545 610 2603 quas
625 2526 725 2601 putido
738 2525 906 2603 grammati·

105 2627 205 2666 corum
224 2609 355 2666 doctrina
376 2611 542 2686 procudisse
561 2611 694 2683 videtur,
717 2601 906 2681 συμβαλλεόμε-

103 2710 160 2757 νος,
177 2693 282 2758 muoso,
293 2693 399 2763 χηνέων,
412 2693 563 2767 poponus,
578 2696 658 2748 alias.
701 2692 743 2746 Ac
757 2690 855 2746 nescio
870 2706 907 2744 en

106 2774 205 2833 eodem
226 2777 291 2832 loco
311 2774 435 2832 habendi
456 2781 516 2832 sint
534 2776 657 2853 genitivi
680 2768 776 2828 αὐτέων
795 2783 824 2829 et
846 2792 906 2827 του-

104 2856 183 2932 sins,
209 2878 316 2939 genere
334 2861 493 2918 masculino
509 2869 538 2916 et
552 2868 673 2929 neutro,
696 2858 821 2931 suspecti
835 2853 907 2911 mihi

92 2951 221 3023 Pf⁰P²01
243 2945 385 3008 codicum
402 2947 631 3017 suctoritutem.⁶
648 2958 773 3017 mmmm
785 2941 912 3006 opum

698 3048 719 3077 Ἀ
