1920 3570
129 191 179 243 ιιι
437 185 643 234 εειιοοοτι

129 296 177 360 τὸν
190 295 282 374 Κυρου
295 295 406 372 Σμέρδιν
424 293 534 352 ἰδέσθαι
552 287 667 367 ουδυμδι,
694 283 755 348 οίέτε
775 285 822 349 ὅσα

132 382 269 444 συνοικέων
287 378 353 455 αιἰτη
341 378 509 436 εἷδέναι.’
500 380 597 475 έιιεμιιε
616 371 756 450 δευτέρα
742 398 758 432 ο
770 371 822 433 Ὀτ

131 488 197 543 γιον·
219 466 252 524 Εἰ
268 460 304 563 μὴ
324 460 389 532 αιἰτη
378 456 554 536 Σμέρδιν
528 481 574 517 τον
586 455 679 535 Κέρου
695 454 822 533 γινώσκω

132 546 207 625 παρὰ
225 543 352 654 ’Λτόσρης
373 540 501 602 πύθευ”
487 566 550 617 οτοιρ
570 539 654 616 τοτ’πῳ
677 544 805 600 συνοικέει

134 635 213 732 ἐκείνη
226 631 270 688 καί
284 625 330 687 σέ·
351 624 455 693 πάντως
472 623 525 703 γὰρ
543 623 574 696 δή
592 649 640 683 κου
650 646 697 683 τον
710 647 741 700 γε
752 628 822 684 εωυτ

133 713 198 789 φέόν
212 709 343 815 γινρέσκει.
381 708 542 786 ’Λντιπεμπει
566 706 633 785 πρὸς
653 732 739 765 ταυτα
762 707 781 782 ἦ
804 717 822 812 «Ξ

137 794 203 857 Ουτε
212 794 326 871 Ἀτόσσγ
341 790 485 870 δι’νοιμυιέ
484 817 497 859 ς
514 790 608 869 λόγους
622 788 758 850 έλθεῒν”
724 816 789 851 ουτε
804 820 822 852 α

134 882 234 979 δέμίαν
243 880 352 935 ἰδέσθαι
367 878 419 934 τῶν
441 880 638 951 συγκατημένων
659 877 815 952 γυναικῶν·

134 959 187 1038 γὰρ
200 958 312 1061 τοίγιστοι
326 982 403 1024 ουτος
416 955 611 1035 ὥνθρωπος,
600 957 673 1025 ὅστις
686 964 746 1018 κοτέ
767 967 822 1020 ἐστι

135 1041 236 1120 λυβε“
211 1065 256 1116 την
270 1043 411 1118 βασιληίην,
425 1041 580 1120 διέσπειρε
565 1047 645 1119 ιιμέας
659 1040 736 1116 δέλλην
752 1041 822 1122 ἄλλῃ

199 1133 240 1186 69.
259 1123 391 1186 ῗΔκουυντι
409 1128 437 1184 δέ
449 1150 533 1185 ταυτα
547 1127 583 1202 τῷ
593 1123 689 1202 Οτανῃ
702 1128 822 1203 μᾶλλον

135 1233 194 1272 νετο
215 1207 247 1268 τδ
271 1210 387 1287 πρῆγμα.
422 1215 509 1313 τρίτην
529 1213 557 1268 δέ
581 1208 700 1286 ἀγγελίην
724 1217 822 1291 έσττέμι

134 1315 216 1365 αυτην
234 1297 363 1369 λέγουσαν
379 1293 478 1351 ταῦτα·
495 1284 531 1350 ἶίλ
531 1291 676 1394 θέγοτερ,
699 1295 739 1352 δεῖ
760 1321 822 1374 σεγ

136 1400 166 1436 ευ
152 1366 294 1436 κίνδυνον
308 1374 537 1451 οἰνολαβέσθαι
511 1399 557 1435 τον
570 1374 603 1433 ὀίν
617 1375 631 1435 ὃ
644 1375 733 1454 πατὴρ
748 1321 822 1439 ὕποδ

136 1458 214 1536 δεέη·
243 1459 266 1517 εἰ
283 1458 336 1536 γὰρ
355 1458 440 1532 ὅδ’
404 1485 440 1536 μη
459 1466 514 1519 ἐστι
532 1459 547 1518 ὃ
564 1458 657 1536 Κυρου
674 1465 801 1537 Σμέρδις,

136 1545 284 1600 καταδοκέω
301 1542 364 1641 ἐγὼ,
386 1568 460 1601 ουτοι
476 1566 521 1619 μιν
534 1547 580 1603 σοί
589 1567 617 1601 τε
630 1545 821 1622 συγκοιμώμεν

140 1629 266 1700 Περσέων
279 1623 374 1700 κράτος
388 1627 480 1697 ἔχοντα
495 1629 534 1683 δεῖ
542 1631 671 1732 γαίροντα
688 1626 822 1691 ἆπαλλοίσ

136 1704 169 1764 λδ
185 1708 275 1764 δοῦνοιι
288 1709 365 1779 δίκην
391 1709 437 1765 νῦν
452 1710 487 1765 ὠν
499 1714 612 1782 ποίησον
626 1710 699 1768 τάδε·
728 1714 818 1773 ἐπεάν

136 1787 199 1866 ευδιγ
217 1791 263 1846 καί
277 1788 372 1866 μάθῃς
391 1789 471 1850 αυτὸν
488 1800 697 1879 κατυπνωμένον,
727 1793 822 1870 δέφασι

136 1869 171 1930 τὰ
184 1876 251 1931 ὠτα·
274 1875 318 1931 καί
331 1872 362 1946 ἢν
374 1879 420 1951 μέν
434 1880 557 1950 φαίνηται
572 1881 635 1978 ἔγων
647 1882 711 1979 ὠτρ,
727 1879 822 1958 νόμιζε

137 1959 280 2058 Σμέρδι
246 1982 281 2014 τω
294 1957 386 2035 Κυρου
401 1966 549 2030 συνοικέειν,
572 1961 604 2032 ἢν
623 1961 693 2019 δὲ
657 1987 698 2061 μη
662 1965 802 2037 γέγων,

134 2039 212 2116 μάγοι
226 2016 327 2117 Σμέρδι.
366 2040 528 2118 Ἀντιπέμπει
541 2043 607 2121 πρὸς
620 2069 705 2102 ταυτα
719 2047 735 2118 ἧ
754 2062 822 2110 (Imm

133 2127 196 2198 μένη
210 2121 380 2182 κινδυνευσειν
381 2124 564 2207 μέγιίλως,“
546 2151 577 2198 ην
595 2129 658 2203 ποιῇ
672 2153 779 2189 ταυτα·
805 2135 822 2210 ἦ

134 2204 169 2308 μὴ
190 2205 304 2306 τυγχῖυίνη
323 2205 356 2264 τὰ
373 2211 427 2265 ώτοι
447 2212 522 2282 έχων,
550 2215 709 2287 ἐπίλαμπτος
729 2216 800 2273 δέ’
783 2245 822 2293 aq

135 2289 216 2356 ἔσται,
231 2312 259 2345 ευ
250 2290 397 2347 ἐἰδέναι“
379 2316 412 2356 ως
428 2289 548 2351 ἆϊστώσει
560 2318 616 2370 μιν
639 2293 708 2370 ὅμως
721 2304 821 2373 μέντοι

133 2394 225 2428 ταυτα.
251 2395 268 2441 ιγ
286 2375 330 2444 μέν
348 2373 378 2446 δὴ
396 2374 537 2442 υπεδέξατο
556 2403 639 2436 ταυτα
657 2403 694 2435 τω
714 2389 808 2462 πατρὶ

135 2461 244 2511 σεσθαι
270 2456 318 2511 τοῦ
337 2457 418 2514 δὲ’
381 2483 478 2546 μαγου
487 2459 580 2518 τούτου
603 2463 650 2519 τοῦ
670 2437 812 2542 Σμέρδιος

134 2535 321 2613 1(αμβυσεω’Ι
303 2564 389 2621 αρχων
407 2540 440 2599 τέι
457 2547 510 2600 ώτα
530 2542 638 2621 ἀπέτεμε
655 2545 698 2602 ἐπ
719 2550 822 2630 αἶτέηι

136 2643 237 2696 σμικρῃ
264 2646 280 2694 η
295 2646 330 2680 ων
344 2623 375 2695 δὴ
393 2625 561 2727 Φαιδέμρ”
527 2653 605 2699 αυτη,
628 2653 644 2700 η
658 2653 709 2688 του
720 2630 822 2697 ’'Otdu

60 2701 291 2824 „quim
305 2708 510 2772 ἐπιτελέουσα
482 2734 517 2769 τυ
527 2710 722 2778 υπέδέξατο
682 2738 724 2791 τῳ
738 2744 821 2803 πατρ
