1920 3570
276 601 348 649 mn.
369 603 422 648 111.
451 595 660 665 υκαι-9.
822 598 871 652 235

78 703 202 775 σάξαντες
215 703 302 773 ύδατι,
330 709 386 765 ἐπεί
401 729 429 764 τε
444 686 555 779 τέχίστο
568 706 717 783 παρέλαβον
728 710 871 786 Αίήαπτον.

76 788 135 850 τότε
147 792 174 848 δέ
188 787 234 848 ούκ
246 787 332 854 ἐόντος
345 813 380 846 κω
393 786 489 855 ύδατος
502 794 611 867 ἑτοίμου,
620 788 766 866 Καμβύσης
778 789 870 850 md.

76 895 152 948 μενος
176 874 224 931 τού
244 872 454 948 Ἁλικαρνησσέος
480 875 574 940 ξείνου,
601 876 707 950 πέμψας
731 871 806 950 παρὰ
826 870 873 934 τὸν

74 953 195 1032 Ἀράβιον
209 953 334 1031 ἀγγέλους
344 956 388 1011 καί
401 956 504 1026 δεηθείς
516 956 561 1027 τής
575 953 716 1030 ἀσφαλείης
729 958 800 1029 ἔτυχε
804 998 812 1026 ,
828 959 872 1014 πέμ

79 1062 134 1104 στις
148 1035 208 1103 δούς
222 1061 249 1095 τε
262 1039 306 1094 καί
319 1035 455 1112 δεξάμενος
467 1036 529 1115 παρ>
545 1037 633 1097 αύτοῦ.

141 1130 167 1179 8.
192 1121 318 1193 Σὲβονται
339 1122 366 1177 δέ
380 1119 495 1196 ’Λράβιοι
516 1125 602 1186 πίστις
624 1118 775 1198 ἀνθρώπων
796 1117 874 1197 ὅμοία

78 1206 148 1260 τοῖσι
160 1200 280 1277 μάλιστα.
307 1203 441 1261 ποιεῦνται
458 1206 486 1260 δέ
500 1202 580 1270 αύτάς
593 1202 682 1280 τρόπῳ
694 1204 796 1281 τοιῷδε·
824 1202 875 1260 τῶν

78 1284 239 1361 βουλομένων
251 1281 285 1342 τά
301 1283 385 1344 πιστά
397 1291 540 1345 ποιέεσθαι
555 1285 630 1354 ἄλλος
645 1287 708 1364 ἇνήρ
724 1285 875 1387 ἀμφοτέραιν

79 1364 166 1426 αύτῶν
187 1375 214 1426 ἐν
234 1373 305 1445 μέσῳ
325 1368 417 1436 ἑστεὼς
438 1375 507 1447 λίθῳ
530 1369 625 1438 οξέί
599 1396 630 1431 το
649 1374 700 1430 έσοι
717 1371 769 1428 τῶν
783 1368 877 1446 χειρῶν

78 1447 154 1524 παρά
167 1448 227 1514 τούς
236 1449 426 1517 δακτύλους
374 1477 444 1557 τρυς
452 1429 601 1529 μεβάλους’
588 1478 718 1530 εττιταμνει
726 1455 778 1511 τῶν
786 1475 875 1511 ποιευ-

78 1535 161 1608 μένων
173 1529 220 1592 τάς
233 1535 325 1593 πίστις,
339 1535 383 1585 και
397 1537 484 1586 ἔπειτα
499 1535 611 1603 λαβαιν’
598 1560 624 1590 εκ
637 1561 685 1594 τον
672 1538 830 1638 Wlw
815 1559 875 1592 Bm·

79 1618 154 1690 τέρου
167 1607 281 1688 κροκύδα
295 1607 437 1682 ἇλείφει
402 1632 439 1684 τερ
458 1611 547 1685 αίματι
564 1618 592 1666 ἐν
607 1619 678 1712 μίσιρ
695 1621 822 1688 κειμένους
839 1619 875 1672 λί-

79 1692 176 1761 θους’
163 1691 242 1761 επτὰ,
268 1693 346 1752 τούτο
360 1693 388 1748 δέ
405 1695 499 1749 ποιέων
512 1692 678 1750 ἕπικαλέει’
647 1717 694 1792 τρν
707 1716 734 1751 τε
747 1693 878 1756 Διόνυσον

79 1781 123 1837 καὶ
139 1776 186 1850 τήν
207 1774 341 1853 θύρανίήν.
370 1779 560 1840 ἐπιτελέσαντος
577 1777 606 1831 δέ
622 1773 717 1834 τούτου
737 1775 835 1845 ταύτα,
863 1776 878 1837 ὃ

79 1860 127 1928 τάς
138 1864 224 1926 πίστις
237 1856 413 1935 ποιησάμενος
426 1865 495 1917 τοῖσι
508 1861 606 1931 φίλοισι
617 1859 754 1935 παρεγγυᾷ
767 1856 813 1918 τδν
826 1865 877 1926 ξεί·

79 1967 126 2004 νον
143 1941 160 2014 ή
178 1940 284 2000 καὶτὸν
304 1939 397 2009 ἀστὸν,
424 1939 456 2013 ἢν
472 1937 540 2018 πρὸς
559 1938 640 2000 ἆστὸν
653 1946 783 2014 ποιέηται·
811 1943 839 2000 ολ
851 1943 880 2000 δέ

81 2032 150 2101 φίλοι
162 2027 206 2081 καί
220 2022 295 2083 αι’ποί
311 2020 358 2089 τάς
371 2026 456 2090 πίστις
470 2024 595 2082 δικαιεύσι
609 2025 747 2100 σέβεσθαι.
780 2022 877 2085 Διάνν·

81 2131 130 2168 σον
147 2110 175 2165 δέ
192 2105 260 2166 θεὸν
276 2108 374 2185 μούναν
391 2109 435 2164 καί
452 2105 499 2180 τήν
519 2105 648 2185 Οὐρανίην
665 2106 787 2186 έρεῦνται
804 2105 878 2176 εἶναι,

77 2193 123 2251 καὶ
143 2189 194 2248 τῶν
215 2191 308 2267 τριχῶν
324 2187 371 2262 τήν
387 2189 484 2267 κουρήν
499 2195 639 2269 κείρεσθαί
654 2217 734 2267 φασι,
761 2189 878 2268 κατάπερ

79 2271 160 2333 αύτδν
173 2271 218 2331 τὸν
231 2273 362 2332 Διόνυσον
375 2271 518 2349 κεκάρθαι·
540 2279 667 2351 κείρονται
680 2279 708 2332 δέ
720 2273 876 2351 περιτρόχα-

79 2362 121 2424 λα,
134 2357 328 2431 περιξυρούντες
341 2353 402 2418 τούς
415 2352 569 2454 κροτάφους.
598 2354 770 2428 ουνομάζουσι
787 2358 815 2414 δέ
831 2354 878 2414 τὸν

79 2443 126 2515 μὲν
139 2435 269 2495 Διόνυσον
278 2433 438 2536 Ὀροτάλ,
410 2458 458 2506 τήν
472 2438 499 2493 δέ
516 2435 644 2512 Ούρανίήν
654 2433 760 2493 Ἀλιλάτ.

143 2525 168 2577 9.
186 2517 259 2577 Ἐπεί
275 2540 312 2575 ων
330 2515 377 2589 τήν
393 2522 480 2576 πίστιν
493 2525 562 2576 τοῖσι
576 2517 709 2595 άγμέλοισι
722 2543 790 2577 τοισι
801 2515 879 2618 παρά

76 2598 258 2678 Καμβύσεω’
244 2605 407 2678 απιμμένοισι
420 2599 561 2673 ἐποιήσατο
577 2600 728 2678 δἈράβιος,
747 2601 875 2679 ἐμηχανᾶ-

78 2709 110 2744 το
123 2682 222 2744 τοιάδε·
251 2681 348 2751 άσκοέις
360 2682 478 2761 καμήλων
491 2684 593 2757 πλήσας
606 2684 701 2751 ύδατος
713 2689 822 2753 ἐπέσαξε
835 2685 878 2741 ἐπί

77 2764 125 2833 τάς
139 2765 204 2835 ζωὰς
216 2769 268 2826 τῶν
281 2765 400 2845 καμήλων
412 2765 514 2836 πάσας,
535 2770 614 2828 τούτο
629 2771 656 2827 δέ
669 2766 781 2841 ποιήσας
794 2766 876 2841 ήλασε

80 2846 151 2913 ἐς
125 2872 172 2920 την
171 2848 352 2957 άνυδρον
324 2854 369 2909 καί
386 2850 504 2952 ύπέμεινε
526 2852 645 2910 ἐνθαύτα
662 2850 708 2912 τὸν
725 2847 875 2927 Καμβύσεω

82 2929 202 3007 στρατόν.
231 2958 306 3001 ουτος
322 2939 368 3011 μὲν
382 2959 396 2993 ο
386 2931 591 3011 “πιθανοίτερος
604 2936 655 2992 τῶν
668 2933 785 3009 λέγειν’
764 2939 873 3010 εἴρηται·

78 3016 119 3072 δεῖ
132 3016 215 3072 δέ
171 3039 215 3072 και
228 3014 274 3074 τὸν
286 3021 371 3118 ήσσον
383 3015 514 3085 πιθανὸν,
536 3021 592 3075 ἐπεί
607 3040 638 3093 με
652 3015 683 3088 δή
695 3021 874 3093 λέγεται,ῥή-

78 3098 172 3171 θήναι.
200 3098 317 3178 ποταμός
334 3108 389 3160 ἐστι
406 3104 485 3179 μέγας
503 3106 529 3160 ἐν
546 3125 578 3180 τρ
565 3098 751 3180 Ἀραβίη”
715 3124 752 3176 τοι
774 3095 878 3170 σύνορα
