1920 3570
80 359 109 395 ιν
352 343 600 403 PRAEFATIO

78 449 181 549 optimi
194 457 224 505 et
235 430 457 549 diligentissima
472 453 581 524 collati,
592 452 692 527 paneis
705 454 822 513 omnino
835 457 878 512 lo-

78 536 121 591 cis
135 534 276 611 exceptis,
290 527 377 589 αὐτῶν
389 543 419 591 et
430 529 529 591 τούτων
539 536 686 613 praebent.

72 644 75 651 ·
118 615 186 673 Non
211 618 309 675 minor
332 624 377 675 eet
402 616 439 675 de
464 618 631 690 aposcropbi
651 636 707 677 ιιιιι
726 615 877 675 dubitatio.

77 688 229 757 Beklcerm
243 688 364 759 Stratie
384 709 504 759 anctore
523 698 656 755 nltimam
673 698 805 757 vocalem
825 717 878 757 vo·

79 801 145 839 oum
170 782 389 860 disyllabum,
414 797 489 857 quac
507 778 560 837 nbi
579 778 784 863 apostrophum
802 782 879 839 reci-

76 867 177 942 piunt,
203 870 354 921 accentum
373 864 539 937 amittunt,
551 863 658 941 nbiqna
677 864 799 936 abiecit,
820 865 879 920 nisi

78 948 154 1024 quod
171 964 229 1002 uno
243 948 371 1005 alterove
388 947 453 1005 ioco
468 966 536 1005 onan
547 949 644 1023 potine
658 966 744 1025 qnnm
757 948 877 1014 concilio

76 1028 188 1086 hiatum
199 1031 328 1107 reliquit.
354 1029 394 1087 At
405 1038 504 1089 tantan
516 1040 562 1089 cat
573 1050 673 1089 corum
685 1048 821 1087 numerus
835 1031 878 1086 lo-

79 1131 188 1185 corum,
195 1113 227 1168 in
238 1113 341 1191 quibus
353 1132 441 1173 vocea
454 1116 573 1173 istacin
586 1113 717 1171 omnibns
731 1112 878 1170 codicibus

77 1203 145 1251 ante
156 1198 287 1252 vocalem
299 1198 384 1273 plenc
397 1206 467 1256 annt
477 1200 613 1275 scriptae,
634 1206 669 1255 nt
679 1194 752 1253 mibi
764 1195 880 1274 quidem

76 1278 204 1335 nondum
215 1298 384 1355 pcccuaanm
396 1283 436 1340 ait
451 1280 487 1339 dc
498 1283 646 1359 praecepti
657 1282 737 1337 illins
745 1280 878 1335 veritate.

117 1360 151 1417 In
173 1364 271 1421 libello
292 1364 327 1421 dc
344 1367 407 1423 vita
417 1364 540 1447 Homeri
539 1352 824 1444 Schweigbaenacri
833 1379 880 1417 rc-

80 1447 246 1505 censionem
272 1456 389 1507 accntnc
409 1440 488 1531 cnm,
516 1446 561 1507 ite¹
579 1456 679 1505 tamon
698 1453 734 1503 nt
748 1445 882 1501 meliores

81 1529 212 1585 codicum
233 1532 407 1608 scriptum,
428 1535 455 1591 ci
468 1552 538 1611 qam
551 1532 587 1589 ab
600 1532 652 1589 illc
665 1536 776 1607 epictec
790 1534 821 1583 et
830 1544 882 1582 ne-

79 1612 189 1687 glectae
202 1614 350 1679 violarem,
363 1618 397 1663 in
408 1616 571 1667 ontionem
582 1616 759 1683 reciperem
782 1609 881 1665 mencio

79 1700 176 1749 antem
190 1706 228 1744 an
240 1690 336 1743 minua
348 1696 429 1743 reate
441 1688 577 1763 fecerim,
589 1690 666 1764 qnod
679 1698 781 1747 oontm
793 1690 882 1747 libro-

80 1792 145 1830 rum
167 1774 415 1828 auctoritatemc.
429 1770 468 1853 7.·
479 1768 658 1869 infinitionm
680 1768 861 1826 ιιιιιαΐιιιιῒιι·
851 1791 883 1828 ιιι

80 1856 224 1920 κατέλιπεν,
243 1874 267 1911 o.
283 1854 331 1910 13.
354 1840 442 1910 fin.‘'
426 1873 467 1909 οτι
487 1855 520 1911 in
530 1846 586 1909 ὅτι
609 1854 721 1911 mutavi
742 1861 773 1909 et
795 1872 820 1910 c.
837 1855 883 1909 ll.

81 1941 243 2016 genitivum
265 1935 357 1993 Μίδεω
382 1935 491 2011 adieci,
519 1954 605 2013 quem
629 1936 778 2014 requirere
803 1936 884 1994 vide-

80 2021 166 2078 batur
191 2023 342 2077 sententia.
767 2080 772 2089 ι

122 2103 251 2160 Indicem
264 2101 437 2159 historicum
450 2120 467 2158 c
480 2098 668 2160 Gronoviano
683 2111 851 2180 excerptum
868 2123 885 2160 e

82 2184 211 2244 Bekkeri
229 2187 356 2243 editione
378 2187 489 2258 addidi,
507 2188 615 2262 passim
633 2194 776 2243 mutatum
790 2195 820 2242 et
833 2205 883 2242 au-

86 2280 172 2328 ctum.
214 2269 346 2348 Singulis
358 2270 553 2329 voluminibus
567 2277 738 2348 armamenta
749 2271 886 2345 praemisi

83 2356 154 2410 talia
166 2354 243 2426 fere,
260 2355 357 2431 qualia
369 2354 401 2410 in
412 2352 538 2430 Augusti
549 2351 691 2410 Matthiae
704 2352 830 2409 editione
843 2354 885 2408 le-

84 2447 207 2514 guntur,
231 2456 247 2494 e
266 2438 374 2513 quibua
386 2455 445 2494 non
466 2439 560 2515 colum
578 2437 760 2513 intelligatur
773 2436 842 2513 qnid
854 2437 886 2492 in

84 2523 207 2597 singulis
230 2521 371 2596 capitibus
383 2528 531 2577 ιιιιιτιιιιιιι
545 2521 599 2593 ait,
624 2519 675 2575 aed
686 2527 784 2595 pateat
799 2520 885 2578 etiem

84 2605 175 2660 totius
187 2606 362 2659 narrationis
375 2606 463 2675 ratio,
476 2605 640 2675 concilium,
653 2604 752 2660 ceriea.

103 2711 286 2776 Scribeham
301 2717 435 2800 Lipsiae,
446 2712 887 2780 eenamcenam

373 2902 609 2918 w

281 2960 306 2997 0
